<?xml version="1.0" encoding="UTF-8"?><collection xmlns="http://www.loc.gov/MARC21/slim"><record><leader>00541nam--2200181-u-4500</leader><controlfield tag="001">000053263</controlfield><controlfield tag="002">20161230</controlfield><controlfield tag="005">20161230201051</controlfield><controlfield tag="008">110114s1000------------r-----000-0-fre-d</controlfield><datafield ind1=" " ind2=" " tag="040"><subfield code="a">IFIN-HH</subfield></datafield><datafield ind1=" " ind2=" " tag="041"><subfield code="a">fre</subfield></datafield><datafield ind1=" " ind2=" " tag="080"><subfield code="a">533.951.8(043)</subfield></datafield><datafield ind1="1" ind2=" " tag="100"><subfield code="a">Pelletier, Guy</subfield></datafield><datafield ind1="1" ind2="0" tag="245"><subfield code="a">Etude des ondes de derive et de leur stabilisation par un champ haute frequence</subfield><subfield code="b">These</subfield><subfield code="c">Guy pelletier</subfield></datafield><datafield ind1=" " ind2=" " tag="260"><subfield code="a">Grenoble</subfield><subfield code="b">Universite Scientifique Et Medicale De Grenoble</subfield><subfield code="c">1972</subfield></datafield><datafield ind1=" " ind2=" " tag="300"><subfield code="a">105P</subfield></datafield><datafield ind1=" " ind2=" " tag="852"><subfield code="a">40487</subfield><subfield code="c">533.9</subfield></datafield><datafield ind1=" " ind2=" " tag="CAT"><subfield code="a">Sys</subfield><subfield code="c">20110114</subfield><subfield code="h">113800</subfield></datafield></record></collection>